
@article{du_softcite_2021,
	title = {Softcite dataset: {A} dataset of software mentions in biomedical and economic research publications},
	volume = {72},
	issn = {2330-1635, 2330-1643},
	shorttitle = {Softcite dataset},
	url = {https://onlinelibrary.wiley.com/doi/10.1002/asi.24454},
	doi = {10.1002/asi.24454},
	language = {en},
	number = {7},
	urldate = {2022-10-27},
	journal = {Journal of the Association for Information Science and Technology},
	author = {Du, Caifan and Cohoon, Johanna and Lopez, Patrice and Howison, James},
	month = jul,
	year = {2021},
	pages = {870--884},
}

@article{bracco_extending_2022,
	title = {Extending the open monitoring of open science: {A} new framework for the {French} {Open} {Science} {Monitor} ({BSO})},
	url = {https://hal.archives-ouvertes.fr/hal-03651518},
	author = {Bracco, Laetitia and {L'HÃ´te, Anne} and {Jeangirard, Eric} and {Torny, Didier}},
	year = {2022},
}

@misc{mesri_2nd_2021,
	title = {2nd {National} {Plan} for {Open} {Science}},
	url = {https://cache.media.enseignementsup-recherche.gouv.fr/file/science_ouverte/20/9/MEN_brochure_PNSO_web_1415209.pdf},
	author = {{MESRI}},
	year = {2021},
}

@misc{mesri_national_2018,
	title = {National {Plan} for {Open} {Science}},
	url = {https://cache.media.enseignementsup-recherche.gouv.fr/file/Recherche/50/1/SO_A4_2018_EN_01_leger_982501.pdf},
	author = {{MESRI}},
	year = {2018},
}
